@book{Anderson2008sea,
  author={Anderson, Ross J.},
  title={Security Engineering},
  subtitle={A guide to building dependable distributed systems},
  publisher={Wiley},
  address={Indianapolis, IN},
  year={2008},
  edition={2},
  ISBN={978-0-470-06852-6 (hbk.)},
  URL={http://www.cl.cam.ac.uk/~rja14/book.html},
  keywords={IT-s{\"a}kerhet},
}

@inproceedings{anonpass,
  author={Lee, M.Z. and
    Dunn, A.M. and
    Waters, B. and
    Witchel, E. and
    Katz, J.},
  title={Anon-Pass: Practical Anonymous Subscriptions},
  booktitle={Security and Privacy (SP), 2013 IEEE Symposium on},
  year={2013},
  month={May},
  pages={319-333},
  doi={10.1109/SP.2013.29},
  ISSN={1081-6011},
  URL={http://dx.doi.org/10.1109/SP.2013.29},
}

@incollection{acoustic,
  author={Genkin, Daniel and Shamir, Adi and Tromer, Eran},
  title={RSA Key Extraction via Low-Bandwidth Acoustic Cryptanalysis},
  editor={Garay, JuanA. and Gennaro, Rosario},
  booktitle={Advances in Cryptology â€“ CRYPTO 2014},
  series={Lecture Notes in Computer Science},
  volume={8616},
  pages={444-461},
  year={2014},
  isbn={978-3-662-44370-5},
  doi={10.1007/978-3-662-44371-2_25},
  url={http://dx.doi.org/10.1007/978-3-662-44371-2_25},
  publisher={Springer Berlin Heidelberg},
}


